<?xml version="1.0" encoding="UTF-8"?><collection xmlns="http://www.loc.gov/MARC21/slim"><record><leader>00387nam--2200121-i-4500</leader><controlfield tag="001">000026383</controlfield><controlfield tag="002">20161230</controlfield><controlfield tag="005">20161230201036</controlfield><controlfield tag="008">060222s1000------------r-----000-0-eng-d</controlfield><datafield ind1=" " ind2=" " tag="080"><subfield code="a">531.7(094)</subfield></datafield><datafield ind1=" " ind2=" " tag="245"><subfield code="a">Instructuni pentru verificarea manometrelor si vacuummetrelor cu element elastic, clasa de precizie 0,4 si 0,6. ed.oficiala</subfield></datafield><datafield ind1=" " ind2=" " tag="260"><subfield code="a">Bucuresti, Ed.Tehnica, 1974. 11p</subfield></datafield><datafield ind1=" " ind2=" " tag="852"><subfield code="a">42909</subfield></datafield></record></collection>